<record><leader>00000cas a2200000 a 4500</leader><controlfield tag="001">9974487</controlfield><controlfield tag="007">he bmu---bucu</controlfield><controlfield tag="008">831003d18711939nbumr n b     0    0dak c</controlfield><datafield ind1=" " ind2=" " tag="010"><subfield code="a">  2002238750</subfield></datafield><datafield ind1=" " ind2=" " tag="040"><subfield code="a">PIT</subfield><subfield code="b">eng</subfield><subfield code="c">PIT</subfield><subfield code="d">OCL</subfield><subfield code="d">IUL</subfield><subfield code="d">OCLCQ</subfield><subfield code="d">IUL</subfield><subfield code="d">OCLCQ</subfield><subfield code="d">OCLCF</subfield></datafield><datafield ind1="1" ind2=" " tag="029"><subfield code="a">AU@</subfield><subfield code="b">000023760048</subfield></datafield><datafield ind1="0" ind2=" " tag="041"><subfield code="a">dak</subfield><subfield code="a">eng</subfield></datafield><datafield ind1=" " ind2=" " tag="042"><subfield code="a">pcc</subfield></datafield><datafield ind1=" " ind2=" " tag="043"><subfield code="a">n-us-sd</subfield><subfield code="a">n-us-nb</subfield></datafield><datafield ind1="1" ind2="4" tag="050"><subfield code="a">E99.S22</subfield><subfield code="b">I275</subfield></datafield><datafield ind1="0" ind2=" " tag="130"><subfield code="a">Iapi oaye (Greenwood, S.D.)</subfield></datafield><datafield ind1="1" ind2="0" tag="245"><subfield code="a">Iapi oaye</subfield><subfield code="h">[microform].</subfield></datafield><datafield ind1="1" ind2=" " tag="246"><subfield code="i">Issues for 1873-1883 and Oct. 28, 1936-Dec. 1938 have also English title:</subfield><subfield code="a">Word carrier</subfield></datafield><datafield ind1=" " ind2=" " tag="260"><subfield code="a">Greenwood, D.T. [S.D.] :</subfield><subfield code="b">Dakota Mission,</subfield><subfield code="c">1871-1939.</subfield></datafield><datafield ind1=" " ind2=" " tag="300"><subfield code="a">68 v. :</subfield><subfield code="b">ill. ;</subfield><subfield code="c">30-40 cm.</subfield></datafield><datafield ind1=" " ind2=" " tag="310"><subfield code="a">Monthly,</subfield><subfield code="b">July 1937-&lt;Mar. 1939&gt;</subfield></datafield><datafield ind1=" " ind2=" " tag="321"><subfield code="a">Monthly,</subfield><subfield code="b">1871-Sept. 1936</subfield></datafield><datafield ind1=" " ind2=" " tag="321"><subfield code="a">Weekly,</subfield><subfield code="b">Oct. 15 1936-June 23, 1937</subfield></datafield><datafield ind1="0" ind2=" " tag="362"><subfield code="a">Vol. 1, no. 1 (May 1871)-</subfield></datafield><datafield ind1="1" ind2=" " tag="362"><subfield code="a">Ceased with v. 68, no. 7 (Mar. 1939).</subfield></datafield><datafield ind1=" " ind2=" " tag="500"><subfield code="a">Title from caption.</subfield></datafield><datafield ind1=" " ind2=" " tag="500"><subfield code="a">Published in Greenwood, S.D., May 1871-Dec. 1887; and in: Santee, Neb., Jan. 1888-&lt;Mar. 1939&gt;.</subfield></datafield><datafield ind1=" " ind2=" " tag="515"><subfield code="a">Publication suspended July-Dec. 1872.</subfield></datafield><datafield ind1=" " ind2=" " tag="515"><subfield code="a">Numbering changed on Aug. 1937 issue to correspond with English edition.</subfield></datafield><datafield ind1=" " ind2=" " tag="546"><subfield code="a">Text in Dakota in the Santee dialect, 1871-Jun 1872 and 1884-1887.</subfield></datafield><datafield ind1=" " ind2=" " tag="546"><subfield code="a">Vols. 2-12 (1873-1883), and Oct. 28, 1936-Dec. 1938, have parallel title: Iapi oaye, The Word carrier; each number has a section in English.</subfield></datafield><datafield ind1=" " ind2=" " tag="580"><subfield code="a">Continued in part by a separately issued English edition.</subfield></datafield><datafield ind1=" " ind2=" " tag="533"><subfield code="a">Microfiche.</subfield><subfield code="b">[New York] :</subfield><subfield code="c">Clearwater.</subfield><subfield code="e">57 microfiches.</subfield></datafield><datafield ind1=" " ind2="0" tag="650"><subfield code="a">Dakota Indians</subfield><subfield code="v">Newspapers.</subfield></datafield><datafield ind1=" " ind2="0" tag="650"><subfield code="a">Dakota Indians</subfield><subfield code="x">Missions</subfield><subfield code="v">Newspapers.</subfield></datafield><datafield ind1=" " ind2="0" tag="650"><subfield code="a">Santee Indians</subfield><subfield code="v">Newspapers.</subfield></datafield><datafield ind1=" " ind2="0" tag="650"><subfield code="a">Santee Indians</subfield><subfield code="x">Missions</subfield><subfield code="v">Newspapers.</subfield></datafield><datafield ind1="2" ind2="0" tag="610"><subfield code="a">Santee Normal Training School (Santee, Neb.)</subfield><subfield code="v">Newspapers.</subfield></datafield><datafield ind1=" " ind2="0" tag="651"><subfield code="a">Greenwood (S.D.)</subfield><subfield code="v">Newspapers.</subfield></datafield><datafield ind1=" " ind2="0" tag="651"><subfield code="a">Charles Mix County (S.D.)</subfield><subfield code="v">Newspapers.</subfield></datafield><datafield ind1=" " ind2="0" tag="651"><subfield code="a">Santee (Neb.)</subfield><subfield code="v">Newspapers.</subfield></datafield><datafield ind1=" " ind2="0" tag="651"><subfield code="a">Knox County (Neb.)</subfield><subfield code="v">Newspapers.</subfield></datafield><datafield ind1=" " ind2="7" tag="655"><subfield code="a">Newspapers.</subfield><subfield code="2">fast</subfield><subfield code="0">(OCoLC)fst01423814</subfield></datafield><datafield ind1="2" ind2="7" tag="610"><subfield code="a">Santee Normal Training School (Santee, Neb.)</subfield><subfield code="2">fast</subfield><subfield code="0">(OCoLC)fst00677810</subfield></datafield><datafield ind1=" " ind2="7" tag="650"><subfield code="a">Dakota Indians.</subfield><subfield code="2">fast</subfield><subfield code="0">(OCoLC)fst00887107</subfield></datafield><datafield ind1=" " ind2="7" tag="650"><subfield code="a">Dakota Indians</subfield><subfield code="x">Missions.</subfield><subfield code="2">fast</subfield><subfield code="0">(OCoLC)fst00887128</subfield></datafield><datafield ind1=" " ind2="7" tag="650"><subfield code="a">Santee Indians.</subfield><subfield code="2">fast</subfield><subfield code="0">(OCoLC)fst01105315</subfield></datafield><datafield ind1=" " ind2="7" tag="650"><subfield code="a">Santee Indians</subfield><subfield code="x">Missions.</subfield><subfield code="2">fast</subfield><subfield code="0">(OCoLC)fst01105320</subfield></datafield><datafield ind1=" " ind2="7" tag="651"><subfield code="a">Nebraska</subfield><subfield code="z">Knox County.</subfield><subfield code="2">fast</subfield><subfield code="0">(OCoLC)fst01222830</subfield></datafield><datafield ind1=" " ind2="7" tag="651"><subfield code="a">Nebraska</subfield><subfield code="z">Santee.</subfield><subfield code="2">fast</subfield><subfield code="0">(OCoLC)fst01260569</subfield></datafield><datafield ind1=" " ind2="7" tag="651"><subfield code="a">South Dakota</subfield><subfield code="z">Charles Mix County.</subfield><subfield code="2">fast</subfield><subfield code="0">(OCoLC)fst01215817</subfield></datafield><datafield ind1=" " ind2="7" tag="651"><subfield code="a">South Dakota</subfield><subfield code="z">Greenwood.</subfield><subfield code="2">fast</subfield><subfield code="0">(OCoLC)fst01260967</subfield></datafield><datafield ind1="2" ind2=" " tag="710"><subfield code="a">Santee Normal Training School (Santee, Neb.)</subfield></datafield><datafield ind1=" " ind2=" " tag="752"><subfield code="a">United States</subfield><subfield code="b">Nebraska</subfield><subfield code="c">Knox</subfield><subfield code="d">Santee.</subfield></datafield><datafield ind1=" " ind2=" " tag="752"><subfield code="a">United States</subfield><subfield code="b">South Dakota</subfield><subfield code="c">Charles Mix</subfield><subfield code="d">Greenwood.</subfield></datafield><datafield ind1="1" ind2=" " tag="776"><subfield code="c">Original</subfield><subfield code="w">(DLC)sn 95063058</subfield><subfield code="w">(OCoLC)1644510</subfield></datafield><datafield ind1="0" ind2="1" tag="785"><subfield code="t">Word carrier</subfield><subfield code="w">(DLC)  2002238752</subfield><subfield code="w">(OCoLC)8862537</subfield></datafield></record>